@InProceedings{ClarkeSrSaRo2012,	 
  author = {James Clarke and Vivek Srikumar and Mark Sammons and Dan Roth},
  title = {{An NLP Curator (or: How I Learned to Stop Worrying and Love NLP Pipelines)}},
  booktitle = {Proceedings of the Eight International Conference on Language Resources and Evaluation (LREC'12)},
  year = {2012},
  month = {may},
  date = {23-25},
  address = {Istanbul, Turkey},
 }
